@article{gentleman2006bos,
  title={{Bioconductor: open software development for computational biology and bioinformatics}},
  author={Gentleman, R.C. and Carey, V.J. and Bates, D.M. and Bolstad, B. and Dettling, M. and Dudoit, S. and Ellis, B. and Gautier, L. and Ge, Y. and Gentry, J. and others},
  journal={feedback},
  year={2006}
}